@book{croft:2009,
  author    = {W. Bruce Croft and
               Donald Metzler and
               Trevor Strohman},
  title     = {Search Engines -- Information Retrieval in Practice},
  publisher = {Pearson Education},
  year      = {2009},
  url       = {http://www.search-engines-book.com/},
  isbn      = {978-0-13-136489-9}
}
